<?xml version="1.0" encoding="UTF-8"?><collection xmlns="http://www.loc.gov/MARC21/slim"><record><leader>00484nam--2200181-i-4500</leader><controlfield tag="001">000022027</controlfield><controlfield tag="002">20161230</controlfield><controlfield tag="005">20161230201034</controlfield><controlfield tag="008">060222s1000------------r-----000-0-eng-d</controlfield><datafield ind1=" " ind2=" " tag="040"><subfield code="a">IFIN-HH</subfield></datafield><datafield ind1=" " ind2=" " tag="080"><subfield code="a">53</subfield></datafield><datafield ind1="1" ind2=" " tag="100"><subfield code="a">Ingard, Uno</subfield></datafield><datafield ind1="1" ind2="0" tag="245"><subfield code="a">Introduction to mechanics, matter and waves</subfield><subfield code="c">Uno ingard, w.l. kraushaar</subfield></datafield><datafield ind1=" " ind2=" " tag="260"><subfield code="a">London</subfield><subfield code="b">Addison-wesley Publ.Co.Inc</subfield><subfield code="c">1960</subfield></datafield><datafield ind1=" " ind2=" " tag="300"><subfield code="a">XV+672P</subfield></datafield><datafield ind1="1" ind2=" " tag="700"><subfield code="a">Kraushaar, W.L</subfield></datafield><datafield ind1=" " ind2=" " tag="852"><subfield code="a">16703</subfield><subfield code="c">53</subfield></datafield><datafield ind1=" " ind2=" " tag="CAT"><subfield code="a">Sys</subfield><subfield code="c">20150216</subfield><subfield code="h">225555</subfield></datafield></record></collection>